@book{Appel,
 author = {Appel, Andrew W. and Palsberg, Jens},
 title = {Modern Compiler Implementation in Java},
 year = {2003},
 isbn = {052182060X},
 edition = {2nd},
 publisher = {Cambridge University Press},
 address = {New York, NY, USA},
} 

@article{Elsman,
 author = {Elsman, Martin},
 title = {Static Interpretation of Modules},
 journal = {SIGPLAN Not.},
 issue_date = {Sept. 1999},
 volume = {34},
 number = {9},
 month = sep,
 year = {1999},
 issn = {0362-1340},
 pages = {208--219},
 numpages = {12},
 url = {http://doi.acm.org/10.1145/317765.317800},
 doi = {10.1145/317765.317800},
 acmid = {317800},
 publisher = {ACM},
 address = {New York, NY, USA},
}

@book{Milner:1997:DSM:549659,
 author = {Milner, Robin and Tofte, Mads and Macqueen, David},
 title = {The  Definition of Standard ML},
 year = {1997},
 isbn = {0262631814},
 publisher = {MIT Press},
 address = {Cambridge, MA, USA},
} 

@article{DeRemer:1975:PLV:390016.808431,
 author = {DeRemer, Frank and Kron, Hans},
 title = {Programming-in-the Large Versus Programming-in-the-small},
 journal = {SIGPLAN Not.},
 issue_date = {June 1975},
 volume = {10},
 number = {6},
 month = apr,
 year = {1975},
 issn = {0362-1340},
 pages = {114--121},
 numpages = {8},
 url = {http://doi.acm.org/10.1145/390016.808431},
 doi = {10.1145/390016.808431},
 acmid = {808431},
 publisher = {ACM},
 address = {New York, NY, USA},
 keywords = {Accessibility, External name, Information hiding, Linking, Module interconnection language, Project management tool., Protection, Scope of definition, System hierarchy, Virtual machine, Visibility},
} 

@ARTICLE{Milner78atheory,
    author = {Robin Milner},
    title = {A theory of type polymorphism in programming},
    journal = {Journal of Computer and System Sciences},
    year = {1978},
    volume = {17},
    pages = {348--375}
}

@inproceedings{Damas:1982:PTF:582153.582176,
 author = {Damas, Luis and Milner, Robin},
 title = {Principal Type-schemes for Functional Programs},
 booktitle = {Proceedings of the 9th ACM SIGPLAN-SIGACT Symposium on Principles of Programming Languages},
 series = {POPL '82},
 year = {1982},
 isbn = {0-89791-065-6},
 location = {Albuquerque, New Mexico},
 pages = {207--212},
 numpages = {6},
 url = {http://doi.acm.org/10.1145/582153.582176},
 doi = {10.1145/582153.582176},
 acmid = {582176},
 publisher = {ACM},
 address = {New York, NY, USA},
}

@article{Hindley1969,
     jstor_articletype = {research-article},
     title = {The Principal Type-Scheme of an Object in Combinatory Logic},
     author = {Hindley, R.},
     journal = {Transactions of the American Mathematical Society},
     jstor_issuetitle = {},
     volume = {146},
     number = {},
     jstor_formatteddate = {Dec., 1969},
     pages = {pp. 29-60},
     url = {http://www.jstor.org/stable/1995158},
     ISSN = {00029947},
     abstract = {},
     language = {English},
     year = {1969},
     publisher = {American Mathematical Society},
     copyright = {Copyright © 1969 American Mathematical Society},
    }
@book{Pierce,
 author = {Pierce, Benjamin C.},
 title = {Types and Programming Languages},
 year = {2002},
 isbn = {0-262-16209-1},
 publisher = {MIT Press},
 address = {Cambridge, MA, USA},
} 

@inproceedings{Zhao:2012:FLI:2103656.2103709,
 author = {Zhao, Jianzhou and Nagarakatte, Santosh and Martin, Milo M.K. and Zdancewic, Steve},
 title = {Formalizing the LLVM Intermediate Representation for Verified Program Transformations},
 booktitle = {Proceedings of the 39th Annual ACM SIGPLAN-SIGACT Symposium on Principles of Programming Languages},
 series = {POPL '12},
 year = {2012},
 isbn = {978-1-4503-1083-3},
 location = {Philadelphia, PA, USA},
 pages = {427--440},
 numpages = {14},
 url = {http://doi.acm.org/10.1145/2103656.2103709},
 doi = {10.1145/2103656.2103709},
 acmid = {2103709},
 publisher = {ACM},
 address = {New York, NY, USA},
 keywords = {Coq, LLVM, memory safety},
} 

@incollection{Abadi,
year={1999},
isbn={978-3-540-66130-6},
booktitle={Secure Internet Programming},
volume={1603},
series={Lecture Notes in Computer Science},
editor={Vitek, Jan and Jensen, ChristianD.},
doi={10.1007/3-540-48749-2_2},
title={Protection in Programming-Language Translations},
url={http://dx.doi.org/10.1007/3-540-48749-2_2},
publisher={Springer Berlin Heidelberg},
author={Abadi, Martín},
pages={19-34},
language={English}
}

@inproceedings{Agten:2012:SCM:2354412.2355247,
 author = {Agten, Pieter and Strackx, Raoul and Jacobs, Bart and Piessens, Frank},
 title = {Secure Compilation to Modern Processors},
 booktitle = {Proceedings of the 2012 IEEE 25th Computer Security Foundations Symposium},
 series = {CSF '12},
 year = {2012},
 isbn = {978-0-7695-4718-3},
 pages = {171--185},
 numpages = {15},
 url = {http://dx.doi.org/10.1109/CSF.2012.12},
 doi = {10.1109/CSF.2012.12},
 acmid = {2355247},
 publisher = {IEEE Computer Society},
 address = {Washington, DC, USA},
 keywords = {software security, compilation, full abstraction, hypervisors},
}

@incollection{Patrignani,
year={2013},
isbn={978-3-319-03541-3},
booktitle={Programming Languages and Systems},
volume={8301},
series={Lecture Notes in Computer Science},
editor={Shan, Chung-chieh},
doi={10.1007/978-3-319-03542-0_13},
title={Secure Compilation of Object-Oriented Components to Protected Module Architectures},
url={http://dx.doi.org/10.1007/978-3-319-03542-0_13},
publisher={Springer International Publishing},
author={Patrignani, Marco and Clarke, Dave and Piessens, Frank},
pages={176-191},
language={English}
}


@mastersthesis{Lattner,
	Abstract = {{Modern programming languages and software engineering principles are causing increasing problems for compiler systems. Traditional approaches, which use a simple compile-link-execute model, are unable to provide adequate application performance under the demands of the new conditions. Traditional approaches to interprocedural and profile-driven compilation can provide the application performance needed, but require infeasible amounts of compilation time to build the application. This thesis...}},
	Address = {Urbana, IL},
	Author = {Lattner, Chris},
	Citeulike-Article-Id = {276932},
	Citeulike-Linkout-0 = {http://citeseerx.ist.psu.edu/viewdoc/summary?doi=10.1.1.10.331},
	Keywords = {llvm},
	Month = dec,
	Posted-At = {2007-09-11 21:48:59},
	Priority = {2},
	School = {Computer Science Dept., University of Illinois at Urbana-Champaign},
	Title = {{LLVM: An Infrastructure for Multi-Stage Optimization}},
	Url = {http://citeseerx.ist.psu.edu/viewdoc/summary?doi=10.1.1.10.331},
	Year = {2002},
	Bdsk-Url-1 = {http://citeseerx.ist.psu.edu/viewdoc/summary?doi=10.1.1.10.331}}

@misc{LLVMFAQ,
    author={Lattner, Chris and Adve, Vikram},
    year={2005},
    title = {LLVM Language Reference Manual},
    howpublished={\url{http://llvm.org/docs/LangRef.html}},
    urldate={2013-10-25},
    note="Accessed: 2013-10-25"
}

@misc{PCBAC,
    author={iMinds Distrinet Research Group},
    year={},
    title = {Program Counter Based Access Control},
    howpublished = {\url{https://distrinet.cs.kuleuven.be/software/pcbac/}},
    note="accessed: 2013-10-02"
}

@book{Pierce:Adv,
 author = {Pierce, Benjamin C.},
 title = {Advanced Topics in Types and Programming Languages},
 year = {2004},
 isbn = {0262162288},
 publisher = {The MIT Press},
} 

@inproceedings{SGX,
 author = {McKeen, Frank and Alexandrovich, Ilya and Berenzon, Alex and Rozas, Carlos V. and Shafi, Hisham and Shanbhogue, Vedvyas and Savagaonkar, Uday R.},
 title = {Innovative Instructions and Software Model for Isolated Execution},
 booktitle = {Proceedings of the 2Nd International Workshop on Hardware and Architectural Support for Security and Privacy},
 series = {HASP '13},
 year = {2013},
 isbn = {978-1-4503-2118-1},
 location = {Tel-Aviv, Israel},
 pages = {10:1--10:1},
 articleno = {10},
 numpages = {1},
 url = {http://doi.acm.org/10.1145/2487726.2488368},
 doi = {10.1145/2487726.2488368},
 acmid = {2488368},
 publisher = {ACM},
 address = {New York, NY, USA},
}

@inproceedings{ASLR,
 author = {Shacham, Hovav and Page, Matthew and Pfaff, Ben and Goh, Eu-Jin and Modadugu, Nagendra and Boneh, Dan},
 title = {On the Effectiveness of Address-space Randomization},
 booktitle = {Proceedings of the 11th ACM Conference on Computer and Communications Security},
 series = {CCS '04},
 year = {2004},
 isbn = {1-58113-961-6},
 location = {Washington DC, USA},
 pages = {298--307},
 numpages = {10},
 url = {http://doi.acm.org/10.1145/1030083.1030124},
 doi = {10.1145/1030083.1030124},
 acmid = {1030124},
 publisher = {ACM},
 address = {New York, NY, USA},
 keywords = {address-space randomization, automated attacks, diversity},
}

@INPROCEEDINGS{Jagadeesan, 
author={Jagadeesan, R. and Pitcher, C. and Rathke, J. and Riely, J.}, 
booktitle={Computer Security Foundations Symposium (CSF), 2011 IEEE 24th}, 
title={Local Memory via Layout Randomization}, 
year={2011}, 
month={June}, 
pages={161-174}, 
keywords={computer crime;data integrity;language translation;probability;programming languages;security of data;storage allocation;storage management;λμhashref;λμproberef;Abadi-Plotkin program;abstract translation;call-cc-style control;computer security;direct encoding;dynamic memory allocation;lax environment;layout randomization;local memory integrity;program control flow;programming language;software infrastructure;strict environment;system hardening principle;user program;Context;Context modeling;Java;Layout;Resource management;Syntactics;control;deterministic allocation;full abstraction;higher-order;memory layout randomization;probability}, 
doi={10.1109/CSF.2011.18}, 
ISSN={1940-1434},}

@inproceedings{Shacham:2004:EAR:1030083.1030124,
 author = {Shacham, Hovav and Page, Matthew and Pfaff, Ben and Goh, Eu-Jin and Modadugu, Nagendra and Boneh, Dan},
 title = {On the Effectiveness of Address-space Randomization},
 booktitle = {Proceedings of the 11th ACM Conference on Computer and Communications Security},
 series = {CCS '04},
 year = {2004},
 isbn = {1-58113-961-6},
 location = {Washington DC, USA},
 pages = {298--307},
 numpages = {10},
 url = {http://doi.acm.org/10.1145/1030083.1030124},
 doi = {10.1145/1030083.1030124},
 acmid = {1030124},
 publisher = {ACM},
 address = {New York, NY, USA},
 keywords = {address-space randomization, automated attacks, diversity},
} 

@inproceedings{Strackx:2009:BMS:1519144.1519145,
 author = {Strackx, Raoul and Younan, Yves and Philippaerts, Pieter and Piessens, Frank and Lachmund, Sven and Walter, Thomas},
 title = {Breaking the Memory Secrecy Assumption},
 booktitle = {Proceedings of the Second European Workshop on System Security},
 series = {EUROSEC '09},
 year = {2009},
 isbn = {978-1-60558-472-0},
 location = {Nuremburg, Germany},
 pages = {1--8},
 numpages = {8},
 url = {http://doi.acm.org/10.1145/1519144.1519145},
 doi = {10.1145/1519144.1519145},
 acmid = {1519145},
 publisher = {ACM},
 address = {New York, NY, USA},
 keywords = {buffer overflow, buffer overread, bypass, probabilistic countermeasure, systems security},
} 

@article{AbadiASLR,
 author = {Abadi, Mart\'{\i}n and Plotkin, Gordon D.},
 title = {On Protection by Layout Randomization},
 journal = {ACM Trans. Inf. Syst. Secur.},
 issue_date = {July 2012},
 volume = {15},
 number = {2},
 month = jul,
 year = {2012},
 issn = {1094-9224},
 pages = {8:1--8:29},
 articleno = {8},
 numpages = {29},
 url = {http://doi.acm.org/10.1145/2240276.2240279},
 doi = {10.1145/2240276.2240279},
 acmid = {2240279},
 publisher = {ACM},
 address = {New York, NY, USA},
 keywords = {Randomization, protection},
} 

@inproceedings{Patrignani:TraceSemantics,
 author = {Patrignani, Marco and Clarke, Dave},
 title = {Fully Abstract Trace Semantics for Low-level Isolation Mechanisms},
 booktitle = {Proceedings of the 29th Annual ACM Symposium on Applied Computing},
 series = {SAC '14},
 year = {2014},
 isbn = {978-1-4503-2469-4},
 location = {Gyeongju, Republic of Korea},
 pages = {1562--1569},
 numpages = {8},
 url = {http://doi.acm.org/10.1145/2554850.2554865},
 doi = {10.1145/2554850.2554865},
 acmid = {2554865},
 publisher = {ACM},
 address = {New York, NY, USA},
}

@inproceedings{Sancus,
        title           = {Sancus: Low-cost trustworthy extensible networked devices with a zero-software trusted computing base},
        author          = {Job Noorman and Pieter Agten and Wilfried Daniels and Raoul Strackx and Anthony Van Herrewege and Christophe Huygens and Bart Preneel and Ingrid Verbauwhede and Frank Piessens},
        booktitle       = "22nd USENIX Security Symposium, ",
        publisher       = "USENIX Association",
        month           = Aug,
        year            = "2013",
        url             = "https://lirias.kuleuven.be/handle/123456789/402673"
}

@inproceedings{Fides,
  author = {Strackx, Raoul and Piessens, Frank},
  title = {Fides: Selectively hardening software application components against kernel-level or process-level malware},
  booktitle = {Proceedings of the 19th ACM conference on Computer and Communications Security (CCS 2012)},
  year = {2012},
  month = {October},
  keywords = {SPM, Fides, full abstraction},
  url = {https://lirias.kuleuven.be/handle/123456789/354603},
  localfile = {2012/Strackx - Fides: Selectively hardening software application components against kernel-level or process-level malware.pdf}
}

@inproceedings{Salus,
  title = {Salus: Non-Hierarchical Memory Access Rights to Enforce the Principle of Least Privilege},
  author = {Niels Avonds and Raoul Strackx and Pieter Agten and Frank Piessens},
  booktitle = {Security and Privacy in Communication Networks (SecureComm'13)},
  year = {2013}
}

@incollection{Rathke,
year={2005},
isbn={978-3-540-25435-5},
booktitle={Programming Languages and Systems},
volume={3444},
series={Lecture Notes in Computer Science},
doi={10.1007/978-3-540-31987-0_29},
title={Java JR: Fully Abstract Trace Semantics for a Core Java Language},
url={http://dx.doi.org/10.1007/978-3-540-31987-0_29},
publisher={Springer Berlin Heidelberg},
author={Jeffrey, Alan and Rathke, Julian},
pages={423-438},
language={English}
}

@inproceedings{Verifast:tutorial,
 author = {Jacobs, Bart and Smans, Jan and Piessens, Frank},
 title = {A Quick Tour of the VeriFast Program Verifier},
 booktitle = {Proceedings of the 8th Asian Conference on Programming Languages and Systems},
 series = {APLAS'10},
 year = {2010},
 isbn = {3-642-17163-X, 978-3-642-17163-5},
 location = {Shanghai, China},
 pages = {304--311},
 numpages = {8},
 url = {http://dl.acm.org/citation.cfm?id=1947873.1947902},
 acmid = {1947902},
 publisher = {Springer-Verlag},
 address = {Berlin, Heidelberg},
} 

@MISC{Verifast:paper,
    author = {Bart Jacobs and Frank Piessens},
    title = {The VeriFast Program Verifier},
    year = {2008}
}

@incollection{OVSPaper,
year={2010},
isbn={978-3-642-04116-7},
booktitle={Handbook of Information and Communication Security},
editor={Stavroulakis, Peter and Stamp, Mark},
doi={10.1007/978-3-642-04117-4_30},
title={Low-Level Software Security by Example},
url={http://dx.doi.org/10.1007/978-3-642-04117-4_30},
publisher={Springer Berlin Heidelberg},
author={Erlingsson, Úlfar and Younan, Yves and Piessens, Frank},
pages={633-658},
language={English}
}

@article{Younan:2012:RCC:2187671.2187679,
 author = {Younan, Yves and Joosen, Wouter and Piessens, Frank},
 title = {Runtime Countermeasures for Code Injection Attacks Against C and C++ Programs},
 journal = {ACM Comput. Surv.},
 issue_date = {June 2012},
 volume = {44},
 number = {3},
 month = jun,
 year = {2012},
 issn = {0360-0300},
 pages = {17:1--17:28},
 articleno = {17},
 numpages = {28},
 url = {http://doi.acm.org/10.1145/2187671.2187679},
 doi = {10.1145/2187671.2187679},
 acmid = {2187679},
 publisher = {ACM},
 address = {New York, NY, USA},
 keywords = {C, C++, Code injection, countermeasures},
} 