@article{Elsman,
 author = {Elsman, Martin},
 title = {Static Interpretation of Modules},
 journal = {SIGPLAN Not.},
 issue_date = {Sept. 1999},
 volume = {34},
 number = {9},
 month = sep,
 year = {1999},
 issn = {0362-1340},
 pages = {208--219},
 numpages = {12},
 url = {http://doi.acm.org/10.1145/317765.317800},
 doi = {10.1145/317765.317800},
 acmid = {317800},
 publisher = {ACM},
 address = {New York, NY, USA},
} 